@article{li1991sliced,
  title={Sliced inverse regression for dimension reduction},
  author={Li, Ker-Chau},
  journal={Journal of the American Statistical Association},
  volume={86},
  number={414},
  pages={316--327},
  year={1991},
  publisher={Taylor \& Francis Group}
}

@inproceedings{ke2017lightgbm,
  title={Lightgbm: A highly efficient gradient boosting decision tree},
  author={Ke, Guolin and Meng, Qi and Finley, Thomas and Wang, Taifeng and Chen, Wei and Ma, Weidong and Ye, Qiwei and Liu, Tie-Yan},
  booktitle={Advances in neural information processing systems},
  pages={3146--3154},
  year={2017}
}

@inproceedings{prokhorenkova2018catboost,
  title={CatBoost: unbiased boosting with categorical features},
  author={Prokhorenkova, Liudmila and Gusev, Gleb and Vorobev, Aleksandr and Dorogush, Anna Veronika and Gulin, Andrey},
  booktitle={Advances in neural information processing systems},
  pages={6638--6648},
  year={2018}
}

@inproceedings{chen2016xgboost,
  title={Xgboost: A scalable tree boosting system},
  author={Chen, Tianqi and Guestrin, Carlos},
  booktitle={Proceedings of the 22nd acm sigkdd international conference on knowledge discovery and data mining},
  pages={785--794},
  year={2016}
}

@article{scikit-learn,
 title={Scikit-learn: Machine Learning in {P}ython},
 author={Pedregosa, F. and Varoquaux, G. and Gramfort, A. and Michel, V.
         and Thirion, B. and Grisel, O. and Blondel, M. and Prettenhofer, P.
         and Weiss, R. and Dubourg, V. and Vanderplas, J. and Passos, A. and
         Cournapeau, D. and Brucher, M. and Perrot, M. and Duchesnay, E.},
 journal={Journal of Machine Learning Research},
 volume={12},
 pages={2825--2830},
 year={2011}
}

@article{hunter2000quantile,
  title={Quantile regression via an MM algorithm},
  author={Hunter, David R and Lange, Kenneth},
  journal={Journal of Computational and Graphical Statistics},
  volume={9},
  number={1},
  pages={60--77},
  year={2000},
  publisher={Taylor \& Francis}
}

@article{shen2013constrained,
  title={On constrained and regularized high-dimensional regression},
  author={Shen, Xiaotong and Pan, Wei and Zhu, Yunzhang and Zhou, Hui},
  journal={Annals of the Institute of Statistical Mathematics},
  volume={65},
  number={5},
  pages={807--832},
  year={2013},
  publisher={Springer}
}


@article{shen2012likelihood,
  title={Likelihood-based selection and sharp parameter estimation},
  author={Shen, Xiaotong and Pan, Wei and Zhu, Yunzhang},
  journal={Journal of the American Statistical Association},
  volume={107},
  number={497},
  pages={223--232},
  year={2012},
  publisher={Taylor \& Francis}
}


@article{negahban2012unified,
  title={A unified framework for high-dimensional analysis of $ M $-estimators with decomposable regularizers},
  author={Negahban, Sahand N and Ravikumar, Pradeep and Wainwright, Martin J and Yu, Bin},
  journal={Statistical Science},
  volume={27},
  number={4},
  pages={538--557},
  year={2012},
  publisher={Institute of Mathematical Statistics}
}


@book{wainwright2019high,
  title={High-dimensional statistics: A non-asymptotic viewpoint},
  author={Wainwright, Martin J},
  volume={48},
  year={2019},
  publisher={Cambridge University Press}
}


@book{vershynin2018high,
  title={High-dimensional probability: An introduction with applications in data science},
  author={Vershynin, Roman},
  volume={47},
  year={2018},
  publisher={Cambridge University Press}
}


@article{loh2017support,
  title={Support recovery without incoherence: A case for nonconvex regularization},
  author={Loh, Po-Ling and Wainwright, Martin J},
  journal={The Annals of Statistics},
  volume={45},
  number={6},
  pages={2455--2482},
  year={2017},
  publisher={Institute of Mathematical Statistics}
}



@article{yang1999information,
  title={Information-theoretic determination of minimax rates of convergence},
  author={Yang, Yuhong and Barron, Andrew},
  journal={The Annals of Statistics},
  pages={1564--1599},
  year={1999},
  publisher={Institute of Mathematical Statistics}
}

@inproceedings{birge2006model,
  title={Model selection via testing: an alternative to (penalized) maximum likelihood estimators},
  author={Birge, Lucien},
  booktitle={Annales de l'IHP Probabilites et statistiques},
  volume={42},
  number={3},
  pages={273--325},
  year={2006}
}


@article{zhu2019high,
  title={On high-dimensional constrained maximum likelihood inference},
  author={Zhu, Yunzhang and Shen, Xiaotong and Pan, Wei},
  journal={Journal of the American Statistical Association},
  pages={1--14},
  year={2019},
  publisher={Taylor \& Francis}
}


@article{fan2014strong,
  title={Strong oracle optimality of folded concave penalized estimation},
  author={Fan, Jianqing and Xue, Lingzhou and Zou, Hui},
  journal={The Annals of Statistics},
  volume={42},
  number={3},
  pages={819--849},
  year={2014},
  publisher={Institute of Mathematical Statistics}
}



@article{shen2010grouping,
  title={Grouping pursuit through a regularization solution surface},
  author={Shen, Xiaotong and Huang, Hsin-Cheng},
  journal={Journal of the American Statistical Association},
  volume={105},
  number={490},
  pages={727--739},
  year={2010},
  publisher={Taylor \& Francis}
}


@article{zou2006adaptive,
  title={The adaptive lasso and its oracle properties},
  author={Zou, Hui},
  journal={Journal of the American statistical association},
  volume={101},
  number={476},
  pages={1418--1429},
  year={2006},
  publisher={Taylor \& Francis}
}


@article{zou2008one,
  title={One-step sparse estimates in nonconcave penalized likelihood models},
  author={Zou, Hui and Li, Runze},
  journal={The Annals of Statistics},
  volume={36},
  number={4},
  pages={1509--1533},
  year={2008},
  publisher={Institute of Mathematical Statistics}
}


@article{chen2019approximation,
  title={Approximation Hardness for A Class of Sparse Optimization Problems.},
  author={Chen, Yichen and Ye, Yinyu and Wang, Mengdi},
  journal={Journal of Machine Learning Research},
  volume={20},
  number={38},
  pages={1--27},
  year={2019}
}


@inproceedings{zhang2014lower,
  title={Lower bounds on the performance of polynomial-time algorithms for sparse linear regression},
  author={Zhang, Yuchen and Wainwright, Martin J and Jordan, Michael I},
  booktitle={Conference on Learning Theory},
  pages={921--948},
  year={2014}
}


@inproceedings{rudelson2012reconstruction,
  title={Reconstruction from anisotropic random measurements},
  author={Rudelson, Mark and Zhou, Shuheng},
  booktitle={Conference on Learning Theory},
  pages={10.1--10.28},
  year={2012}
}


@article{ye2010rate,
  title={Rate minimaxity of the Lasso and Dantzig selector for the lq loss in lr balls},
  author={Ye, Fei and Zhang, Cun-Hui},
  journal={Journal of Machine Learning Research},
  volume={11},
  number={Dec},
  pages={3519--3540},
  year={2010}
}


@article{zou2007degrees,
  title={On the “degrees of freedom” of the lasso},
  author={Zou, Hui and Hastie, Trevor and Tibshirani, Robert and others},
  journal={The Annals of Statistics},
  volume={35},
  number={5},
  pages={2173--2192},
  year={2007},
  publisher={Institute of Mathematical Statistics}
}


@article{fan2001variable,
  title={Variable selection via nonconcave penalized likelihood and its oracle properties},
  author={Fan, Jianqing and Li, Runze},
  journal={Journal of the American statistical Association},
  volume={96},
  number={456},
  pages={1348--1360},
  year={2001},
  publisher={Taylor \& Francis}
}


@article{bartlett2006convexity,
  title={Convexity, classification, and risk bounds},
  author={Bartlett, Peter L and Jordan, Michael I and McAuliffe, Jon D},
  journal={Journal of the American Statistical Association},
  volume={101},
  number={473},
  pages={138--156},
  year={2006},
  publisher={Taylor \& Francis}
}


@article{shen1994convergence,
  title={Convergence rate of sieve estimates},
  author={Shen, Xiaotong and Wong, Wing Hung},
  journal={The Annals of Statistics},
  pages={580--615},
  year={1994},
  publisher={Institute of Mathematical Statistics}
}



@article{wong1995probability,
  title={Probability inequalities for likelihood ratios and convergence rates of sieve MLEs},
  author={Wong, Wing Hung and Shen, Xiaotong and others},
  journal={The Annals of Statistics},
  volume={23},
  number={2},
  pages={339--362},
  year={1995},
  publisher={Institute of Mathematical Statistics}
}




@article{liu2006multicategory,
  title={Multicategory $\psi$-learning},
  author={Liu, Yufeng and Shen, Xiaotong},
  journal={Journal of the American Statistical Association},
  volume={101},
  number={474},
  pages={500--509},
  year={2006},
  publisher={Taylor \& Francis}
}


@book{vandegeer2000empirical,
  title={Empirical Processes in M-estimation},
  author={van de Geer, Sara},
  year={2000},
  publisher={Cambridge University Press}
}


@book{koltchinskii2011oracle,
  title={Oracle Inequalities in Empirical Risk Minimization and Sparse Recovery Problems: Ecole d’Ete de Probabilites de Saint-Flour XXXVIII-2008},
  author={Koltchinskii, Vladimir},
  volume={2033},
  year={2011},
  publisher={Springer}
}


@book{gine2016mathematical,
  title={Mathematical foundations of infinite-dimensional statistical models},
  author={Gine, Evarist and Nickl, Richard},
  volume={40},
  year={2016},
  publisher={Cambridge University Press}
}

@book{vandervaart1996weak,
  title={Weak convergence and empirical processes},
  author={van der Vaart, Aad W and Wellner, Jon A},
  year={1996},
  publisher={Springer}
}


@article{yang1999minimax1,
  title={Minimax nonparametric classification. I. Rates of convergence},
  author={Yang, Yuhong},
  journal={IEEE Transactions on Information Theory},
  volume={45},
  number={7},
  pages={2271--2284},
  year={1999},
  publisher={IEEE}
}


@article{yang1999minimax2,
  title={Minimax nonparametric classification. II. Model selection for adaptation},
  author={Yang, Yuhong},
  journal={IEEE Transactions on Information Theory},
  volume={45},
  number={7},
  pages={2285--2292},
  year={1999},
  publisher={IEEE}
}

@book{stein2003fourier,
  title={Fourier analysis: an introduction},
  author={Stein, Elias M and Shakarchi, Rami},
  volume={1},
  year={2003},
  publisher={Princeton University Press}
}

@book{stein2003complex,
  title={Complex analysis},
  author={Stein, Elias M and Shakarchi, Rami},
  volume={2},
  year={2003},
  publisher={Princeton University Press}
}

@book{stein2005real,
  title={Real analysis: measure theory, integration, and Hilbert spaces},
  author={Stein, Elias M and Shakarchi, Rami},
  volume={3},
  year={2005},
  publisher={Princeton University Press}
}

@book{stein2011functional,
  title={Functional analysis: introduction to further topics in analysis},
  author={Stein, Elias M and Shakarchi, Rami},
  volume={4},
  year={2011},
  publisher={Princeton University Press}
}


@techreport{vanhandel2016probability,
  title={Probability in high dimension},
  author={van Handel, Ramon},
  year={2016},
  institution={Princeton University}
}

@techreport{rigollet2017high,
  title={High dimensional statistics},
  author={Rigollet, Phillippe and Hutter, Jan-Christian},
  year={2017},
  institution={Massachusetts Institute of Technology}
}


@article{candes2007dantzig,
  title={The Dantzig selector: Statistical estimation when p is much larger than n},
  author={Candes, Emmanuel and Tao, Terence and others},
  journal={The Annals of Statistics},
  volume={35},
  number={6},
  pages={2313--2351},
  year={2007},
  publisher={Institute of Mathematical Statistics}
}



@article{bickel2009simultaneous,
  title={Simultaneous analysis of Lasso and Dantzig selector},
  author={Bickel, Peter J and Ritov, Ya’acov and Tsybakov, Alexandre B and others},
  journal={The Annals of Statistics},
  volume={37},
  number={4},
  pages={1705--1732},
  year={2009},
  publisher={Institute of Mathematical Statistics}
}




@article{yuan2018constrained,
  title={Constrained likelihood for reconstructing a directed acyclic Gaussian graph},
  author={Yuan, Yiping and Shen, Xiaotong and Pan, Wei and Wang, Zizhuo},
  journal={Biometrika},
  volume={106},
  number={1},
  pages={109--125},
  year={2018},
  publisher={Oxford University Press}
}



@article{yang2001adaptive,
  title={Adaptive regression by mixing},
  author={Yang, Yuhong},
  journal={Journal of the American Statistical Association},
  volume={96},
  number={454},
  pages={574--588},
  year={2001},
  publisher={Taylor \& Francis}
}


@article{shen2012simultaneous,
  title={Simultaneous supervised clustering and feature selection over a graph},
  author={Shen, Xiaotong and Huang, Hsin-Cheng and Pan, Wei},
  journal={Biometrika},
  volume={99},
  number={4},
  pages={899--914},
  year={2012},
  publisher={Oxford University Press}
}





@article{loh2015regularized,
  author  = {Po-Ling Loh and Martin J. Wainwright},
  title   = {Regularized M-estimators with Nonconvexity: Statistical and Algorithmic Theory for Local Optima},
  journal = {Journal of Machine Learning Research},
  year    = {2015},
  volume  = {16},
  number  = {19},
  pages   = {559-616}
}



@article{fan2018ilamm,
  title={I-LAMM for sparse learning: Simultaneous control of algorithmic complexity and statistical error},
  author={Fan, Jianqing and Liu, Han and Sun, Qiang and Zhang, Tong},
  journal={The Annals of Statistics},
  volume={46},
  number={2},
  pages={814--841},
  year={2018},
  publisher={Institute of Mathematical Statistics}
}



@article{shen1997methods,
  title={On methods of sieves and penalization},
  author={Shen, Xiaotong},
  journal={The Annals of Statistics},
  volume={25},
  number={6},
  pages={2555--2591},
  year={1997},
  publisher={Institute of Mathematical Statistics}
}


@article{shen1998method,
  title={On the method of penalization},
  author={Shen, Xiaotong},
  journal={Statistica Sinica},
  volume={8},
  number={2},
  pages={337--357},
  year={1998}
}

@book{vandervaart1998asymptotic,
  title={Asymptotic statistics},
  author={Van der Vaart, Aad W},
  volume={3},
  year={1998},
  publisher={Cambridge University Press}
}

@book{lecam2000asymptotics,
  title={Asymptotics in statistics: some basic concepts},
  author={Le Cam, Lucien and Yang, Grace Lo},
  year={2000},
  publisher={Springer}
}


@book{fristedt1997modern,
  title={A modern approach to probability theory},
  author={Fristedt, Bert E and Gray, Lawrence F},
  year={1997},
  publisher={Springer}
}

@techreport{panchenko2019lecture,
  title={Lecture notes on probability theory},
  author={Panchenko, Dmitry},
  year={2019},
  institution={University of Toronto}
}


@book{durrett2019probability,
  title={Probability: theory and examples},
  author={Durrett, Rick},
  volume={49},
  year={2019},
  publisher={Cambridge University Press}
}



@book{tao2012topics,
  title={Topics in random matrix theory},
  author={Tao, Terence},
  volume={132},
  year={2012},
  publisher={American Mathematical Society}
}


@book{rudin1987real,
  title={Real and complex analysis},
  author={Rudin, Walter},
  year={1987},
  publisher={McGraw-Hill}
}

@incollection{yu1997assouad,
  title={Assouad, fano, and le cam},
  author={Yu, Bin},
  booktitle={Festschrift for Lucien Le Cam},
  pages={423--435},
  year={1997},
  publisher={Springer}
}


@article{yang1999model,
  title={Model selection for nonparametric regression},
  author={Yang, Yuhong},
  journal={Statistica Sinica},
  pages={475--499},
  year={1999},
  publisher={JSTOR}
}



@article{rosset2018fixed,
  title={From fixed-X to random-X regression: Bias-variance decompositions, covariance penalties, and prediction error estimation},
  author={Rosset, Saharon and Tibshirani, Ryan J},
  journal={Journal of the American Statistical Association},
  pages={1--14},
  year={2018},
  publisher={Taylor \& Francis}
}


@article{tibshirani2019excess,
  title={Excess Optimism: How Biased is the Apparent Error of an Estimator Tuned by SURE?},
  author={Tibshirani, Ryan J and Rosset, Saharon},
  journal={Journal of the American Statistical Association},
  volume={114},
  number={526},
  pages={697--712},
  year={2019},
  publisher={Taylor \& Francis}
}


@article{bi2017group,
  title={A group-specific recommender system},
  author={Bi, Xuan and Qu, Annie and Wang, Junhui and Shen, Xiaotong},
  journal={Journal of the American Statistical Association},
  volume={112},
  number={519},
  pages={1344--1353},
  year={2017},
  publisher={Taylor \& Francis}
}



@article{dai2019smooth,
  title={Smooth neighborhood recommender systems},
  author={Dai, Ben and Wang, Junhui and Shen, Xiaotong and Qu, Annie},
  journal={Journal of Machine Learning Research},
  volume={20},
  number={1},
  pages={589--612},
  year={2019}
}


@article{hinz2019framework,
  title={A framework for the construction of upper bounds on the number of affine linear regions of ReLU feed-forward neural networks},
  author={Hinz, Peter and van de Geer, Sara},
  journal={IEEE Transactions on Information Theory},
  year={2019},
  publisher={IEEE}
}


@article{sur2019modern,
  title={A modern maximum-likelihood theory for high-dimensional logistic regression},
  author={Sur, Pragya and Candes, Emmanuel J},
  journal={Proceedings of the National Academy of Sciences},
  volume={116},
  number={29},
  pages={14516--14525},
  year={2019},
  publisher={National Academy of Sciences}
}


@article{sur2019likelihood,
  title={The likelihood ratio test in high-dimensional logistic regression is asymptotically a rescaled chi-square},
  author={Sur, Pragya and Chen, Yuxin and Candes, Emmanuel J},
  journal={Probability Theory and Related Fields},
  volume={175},
  number={1-2},
  pages={487--558},
  year={2019},
  publisher={Springer}
}


@article{breiman1996heuristics,
  title={Heuristics of instability and stabilization in model selection},
  author={Breiman, Leo},
  journal={The Annals of Statistics},
  volume={24},
  number={6},
  pages={2350--2383},
  year={1996},
  publisher={Institute of Mathematical Statistics}
}


@article{breiman1992submodel,
  title={Submodel selection and evaluation in regression. The X-random case},
  author={Breiman, Leo and Spector, Philip},
  journal={International Statistical Review/Revue Internationale de Statistique},
  pages={291--319},
  year={1992},
  publisher={JSTOR}
}


@article{efron2004estimation,
  title={The estimation of prediction error: covariance penalties and cross-validation},
  author={Efron, Bradley},
  journal={Journal of the American Statistical Association},
  volume={99},
  number={467},
  pages={619--632},
  year={2004},
  publisher={Taylor \& Francis}
}


@article{breiman1993deterministic,
  title={A deterministic algorithm for global optimization},
  author={Breiman, Leo and Cutler, Adele},
  journal={Mathematical Programming},
  volume={58},
  number={1-3},
  pages={179--199},
  year={1993},
  publisher={Springer}
}


@article{huang2018constructive,
  title={A constructive approach to L0 penalized regression},
  author={Huang, Jian and Jiao, Yuling and Liu, Yanyan and Lu, Xiliang},
  journal={Journal of Machine Learning Research},
  volume={19},
  number={1},
  pages={403--439},
  year={2018}
}


@article{berk2013valid,
  title={Valid post-selection inference},
  author={Berk, Richard and Brown, Lawrence and Buja, Andreas and Zhang, Kai and Zhao, Linda and others},
  journal={The Annals of Statistics},
  volume={41},
  number={2},
  pages={802--837},
  year={2013},
  publisher={Institute of Mathematical Statistics}
}


@article{lee2016exact,
  title={Exact post-selection inference, with application to the lasso},
  author={Lee, Jason D and Sun, Dennis L and Sun, Yuekai and Taylor, Jonathan E and others},
  journal={The Annals of Statistics},
  volume={44},
  number={3},
  pages={907--927},
  year={2016},
  publisher={Institute of Mathematical Statistics}
}

@article{tibshirani2016exact,
  title={Exact post-selection inference for sequential regression procedures},
  author={Tibshirani, Ryan J and Taylor, Jonathan and Lockhart, Richard and Tibshirani, Robert},
  journal={Journal of the American Statistical Association},
  volume={111},
  number={514},
  pages={600--620},
  year={2016},
  publisher={Taylor \& Francis}
}


@article{lockhart2014significance,
  title={A significance test for the lasso},
  author={Lockhart, Richard and Taylor, Jonathan and Tibshirani, Ryan J and Tibshirani, Robert},
  journal={Annals of statistics},
  volume={42},
  number={2},
  pages={413--468},
  year={2014},
  publisher={Institute of Mathematical Statistics}
}



@article{belloni2019valid,
  title={Valid post-selection inference in high-dimensional approximately sparse quantile regression models},
  author={Belloni, Alexandre and Chernozhukov, Victor and Kato, Kengo},
  journal={Journal of the American Statistical Association},
  volume={114},
  number={526},
  pages={749--758},
  year={2019},
  publisher={Taylor \& Francis}
}


@article{leeb2005model,
  title={Model selection and inference: Facts and fiction},
  author={Leeb, Hannes and Potscher, Benedikt M},
  journal={Econometric Theory},
  volume={21},
  number={1},
  pages={21--59},
  year={2005},
  publisher={Cambridge University Press}
}

@book{cover2012elements,
  title={Elements of information theory},
  author={Cover, Thomas M and Thomas, Joy A},
  year={2012},
  publisher={John Wiley \& Sons}
}



@book{boyd2011distributed,
  title={Distributed optimization and statistical learning via the alternating direction method of multipliers},
  author={Boyd, Stephen and Parikh, Neal and Chu, Eric},
  year={2011},
  publisher={Now Publishers Inc}
}


















